% This file was created with JabRef 2.10.
% Encoding: UTF-8


@Misc{ud14,
  Title                    = {Universal Dependencies 1.4},

  Author                   = {Nivre, Joakim and Agi{\'c}, {\v Z}eljko and Ahrenberg, Lars and Aranzabe, Maria Jesus and Asahara, Masayuki and Atutxa, Aitziber and Ballesteros, Miguel and Bauer, John and Bengoetxea, Kepa and Berzak, Yevgeni and Bhat, Riyaz Ahmad and Bick, Eckhard and B{\"o}rstell, Carl and Bosco, Cristina and Bouma, Gosse and Bowman, Sam and Cebiroğlu Eryiğit, G{\"u}l{\c s}en and Celano, Giuseppe G. A. and Chalub, Fabricio and {\c C}{\"o}ltekin, {\c C}ağrı and Connor, Miriam and Davidson, Elizabeth and de Marneffe, Marie-Catherine and Diaz de Ilarraza, Arantza and Dobrovoljc, Kaja and Dozat, Timothy and Droganova, Kira and Dwivedi, Puneet and Eli, Marhaba and Erjavec, Toma{\v z} and Farkas, Rich{\'a}rd and Foster, Jennifer and Freitas, Claudia and Gajdo{\v s}ov{\'a}, Katar{\'i}na and Galbraith, Daniel and Garcia, Marcos and G{\"a}rdenfors, Moa and Garza, Sebastian and Ginter, Filip and Goenaga, Iakes and Gojenola, Koldo and G{\"o}kırmak, Memduh and Goldberg, Yoav and G{\'o}mez Guinovart, Xavier and Gonz{\'a}les Saavedra, Berta and Grioni,
 Matias and Gr{\=
u}z{\=i}tis, Normunds and Guillaume, Bruno and Haji{\v c}, Jan and H{\`a} Mỹ, Linh and Haug, Dag and Hladk{\'a}, Barbora and Ion, Radu and Irimia, Elena and Johannsen, Anders and J{\o}rgensen, Fredrik and Ka{\c s}ıkara, H{\"u}ner and Kanayama, Hiroshi and Kanerva, Jenna and Katz, Boris and Kenney, Jessica and Kotsyba, Natalia and Krek, Simon and Laippala, Veronika and Lam, Lucia and L{\^e} Hồng, Phương and Lenci, Alessandro and Ljube{\v s}i{\'c}, Nikola and Lyashevskaya, Olga and Lynn, Teresa and Makazhanov, Aibek and Manning, Christopher and M{\u a}r{\u a}nduc, C{\u a}t{\u a}lina and Mare{\v c}ek, David and Mart{\'i}nez Alonso, H{\'e}ctor and Martins, Andr{\'e} and Ma{\v s}ek, Jan and Matsumoto, Yuji and {McDonald}, Ryan and Missil{\"a}, Anna and Mititelu, Verginica and Miyao, Yusuke and Montemagni, Simonetta and Mori, Keiko Sophie and Mori, Shunsuke and Moskalevskyi, Bohdan and Muischnek, Kadri and Mustafina, Nina and M{\"u}{\"u}risep, Kaili and Nguyễn Thị, Lương and Nguyễn Thị Minh, Huyền and Nikolaev, Vitaly and Nurmi, Hanna and Osenova, Petya and {\"O}stling, Robert and {\O}vrelid, Lilja and Paiva, Valeria and Pascual, Elena and Passarotti, Marco and Perez, Cenel-Augusto and Petrov, Slav and Piitulainen, Jussi and Plank, Barbara and Popel, Martin and Pretkalniņa, Lauma and Prokopidis, Prokopis and Puolakainen, Tiina and Pyysalo, Sampo and Rademaker, Alexandre and Ramasamy, Loganathan and Real, Livy and Rituma, Laura and Rosa, Rudolf and Saleh,
 Shadi and Saul{\=i}te, Baiba and Schuster, Sebastian and Seeker, Wolfgang and Seraji, Mojgan and Shakurova, Lena and Shen, Mo and Silveira, Natalia and Simi, Maria and Simionescu, Radu and Simk{\'o}, Katalin and {\v S}imkov{\'a}, M{\'a}ria and Simov, Kiril and Smith, Aaron and Spadine, Carolyn and Suhr, Alane and Sulubacak, Umut and Sz{\'a}nt{\'o}, Zsolt and Tanaka, Takaaki and Tsarfaty, Reut and Tyers, Francis and Uematsu, Sumire and Uria, Larraitz and van Noord, Gertjan and Varga, Viktor and Vincze, Veronika and Wallin, Lars and Wang, Jing Xian and Washington, Jonathan North and Wir{\'e}n, Mats and {\v Z}abokrtsk{\'y}, Zden{\v e}k and Zeldes, Amir and Zeman, Daniel and Zhu, Hanzhi},
  Note                     = {{LINDAT}/{CLARIN} digital library at the Institute of Formal and Applied Linguistics, Charles University in Prague},
  Year                     = {2016},

  Copyright                = {Licence Universal Dependencies v1.4},
  Url                      = {http://hdl.handle.net/11234/1-1827}
}

@InProceedings{Nivre2016ud,
  Title                    = {Universal Dependencies v1: A Multilingual Treebank Collection},
  Author                   = {Joakim Nivre and Marie-Catherine de Marneffe and Filip Ginter and Yoav Goldberg and Jan Hajic and Christopher D. Manning and Ryan McDonald and Slav Petrov and Sampo Pyysalo and Natalia Silveira and Reut Tsarfaty and Daniel Zeman},
  Booktitle                = {Proceedings of the Tenth International Conference on Language Resources and Evaluation (LREC 2016)},
  Year                     = {2016},

  Address                  = {Paris, France},
  Editor                   = {Nicoletta Calzolari (Conference Chair) and Khalid Choukri and Thierry Declerck and Sara Goggi and Marko Grobelnik and Bente Maegaard and Joseph Mariani and Helene Mazo and Asuncion Moreno and Jan Odijk and Stelios Piperidis},
  Month                    = {may},
  Publisher                = {European Language Resources Association (ELRA)},

  Date                     = {23-28},
  ISBN                     = {978-2-9517408-9-1},
  Language                 = {english},
  Location                 = {Portorož, Slovenia}
}

